@Book{fmb,
author = {J. Monin},
title = {Understanding Formal Methods},
publisher = {Springer},
year = {2003}
}

@BOOK{scs,
author={L. Rierson},
title={Developing Safety-Critical Software},
publisher={CRC Press},
year={2013}
}

@BOOK{spark14,
author={J. McCormick and P. Chapin},
title={Building High Integrity Applications with Spark},
publisher={Cambridge University Press},
year={2015}
}

@MISC{fil-ln,
author={J. Filli\^{a}tre},
title={Deductive Program Verification with {Why3}},
year={2015},
note={Lecture at \'{E}cole Jeunes Chercheurs en Programmation (EJCP)}
}

@BOOK{armb,
author={L. Pyeatt},
title={Modern Assembly Language Programming with the ARM Processor},
publisher={Elsevier},
year={2016}
}

@INPROCEEDINGS{wpmp,
author={J. Filli\^{a}tre and A. Paskevich},
title={Why3 – Where Programs Meet Provers},
booktitle={ESOP’13 22nd European Symposium on Programming},
year={2013}
}

@INPROCEEDINGS{why3-avr,
author={Marc Schoolderman},
title={Verifying Branch-Free Assembly Code in {Why3} (pre-print)},
booktitle={VSTTE '17},
year={2017}
}

@INPROCEEDINGS{vale,
author={Barry Bond and Chris Hawblitzel and Manos Kapritsos and  K. Rustan M. Leino and 
  Jacob R. Lorch and Bryan Parno and Ashay Rane and Srinath Setty and Laure Thompson},
title={ Vale: Verifying High-Performance Cryptographic Assembly Code },
booktitle={ Proceedings of the USENIX Security Symposium },
year={2017}
}

@Misc{sweb,
author = {Y. Moy and R. Chapman},
title = {Webinar on SPARK},
year = {2016},
}

@InProceedings{onelogic,
author = {J. Filli\^{a}tre},
title = {One Logic To Use Them All},
booktitle = {CADE 24 - the 24th International Conference on Automated
Deduction},
year = {2013}
}

@Manual{why3man,
title = {The Why3 Platform},
author = {F. Bobot and J. Filli\^{a}tre and C. March\'{e} and G. Melquiond
 and A. Paskevich},
year = {2018}
}

@InBook{smt,
author = {A. Biere and M. Heule and H. van Maaren and T. Walsch},
title = {Handbook of Satisfiability},
chapter = {12 Satisfiability Modulo Theories},
publisher = {IOS Press},
year = {2008}
}

@Manual{mipsisa,
title = {MIPS IV Instruction Set},
author = {C. Price},
year = {1995}
}

@Article{eucmod,
author = {R. Boute},
title = {The Euclidean Definition of the Functions div and mod},
journal = {ACM Transactions on Programming Languages and Systems},
volume = {14},
number = {2},
year = {1992}
}

@INPROCEEDINGS{verimix,
author={Jean-Christophe Filli\^{a}tre},
title={Formal Verification of {MIX} Programs},
booktitle={Journ\'{e}es en l'honneur de Donald E. Knuth},
year={2007}
}

@InProceedings{spade,
author = {I. O'Neill and D. Clutterbuck and P. Farrow and P. Summers
  and W. Dolman},
title = {The Formal Verification of Safety-Critical Assembly Code},
booktitle = {IFAC SAFECOMP},
year = {1988}
}
